@misc{website:nurbsDemo,
      author = "Jan Foretnik",
      title = "NURBS Demo",	
      year = "2012",
      url = "http://geometrie.foretnik.net/files/NURBS-en.swf"
}

@misc{website:nurbsExplain,
      author = "Markus Altmann",
      title = "About Nonuniform Rational B-Splines - NURBS",	
      year = "1995",		
      url = "http://web.cs.wpi.edu/~matt/courses/cs563/talks/nurbs.htmf"
}

@misc{website:stepper,
	author = "Wapcaplet and Teravolt",
	title = "Gif of Wapcaplet's 4 images: steppermotor.gif",
	year = "2010",
	url = "http://en.wikipedia.org/wiki/File:StepperMotor.gif"
}

@INPROCEEDINGS{Choi01, 
author={Dong-Soo Choi and Seung-Jean Kim and Yang-O Kim and In-Joong Ha}, 
booktitle={Industrial Electronics, 2001. Proceedings. ISIE 2001. IEEE International Symposium on}, 
title={A computationally efficient approach to time-optimal control of robotic manipulators along specified paths}, 
year={2001}, 
volume={3}, 
pages={1569-1574 vol.3}, 
keywords={approximation theory;control system analysis;control system synthesis;manipulators;matrix algebra;path planning;time optimal control;Coriolis force;actuator constraints;centrifugal force;computational efficiency;control design;control simulation;degree of freedom;dynamic equation approximation;elementary operations;inertia matrix;robotic manipulators;time-optimal control;Actuators;Dynamic programming;Equations;Manipulator dynamics;Manufacturing;Motion planning;Path planning;Robot control;Robot kinematics;Timing}, 
doi={10.1109/ISIE.2001.931940},}
 
@ARTICLE{Chen07, 
author={Shyh-Leh Chen and Kai-Chiang Wu}, 
journal={Control Systems Technology, IEEE Transactions on}, 
title={Contouring Control of Smooth Paths for Multiaxis Motion Systems Based on Equivalent Errors}, 
year={2007}, 
volume={15}, 
number={6}, 
pages={1151-1158}, 
keywords={linear motors;linear systems;motion control;nonlinear control systems;variable structure systems;contouring control;equivalent errors;integral sliding mode control;linear motors;multiaxis motion systems;nonlinear plants;smooth paths;Control systems;Electrical equipment industry;Error correction;Feedback;Feeds;Machinery production industries;Manufacturing industries;Motion control;Robust control;Sliding mode control;Contouring control;equivalent errors;motion control;multiaxis systems;sliding mode control}, 
doi={10.1109/TCST.2007.899719}, 
ISSN={1063-6536},}



@article{Tseng09,
author = {Tseng, Sheng‐Jung and Lin, Kuan‐Yuan and Lai, Jiing‐Yih and Ueng, Wen‐Der},
title = {A nurbs curve interpolator with jerk‐limited trajectory planning},
journal = {Journal of the Chinese Institute of Engineers},
volume = {32},
number = {2},
pages = {215-228},
year = {2009},
doi = {10.1080/02533839.2009.9671498},

URL = {http://www.tandfonline.com/doi/abs/10.1080/02533839.2009.9671498},
eprint = {http://www.tandfonline.com/doi/pdf/10.1080/02533839.2009.9671498}
}

@INPROCEEDINGS{Bardine10, 
author={Bardine, A. and Campanelli, S. and Foglia, P. and Prete, C.A.}, 
booktitle={Ultra Modern Telecommunications and Control Systems and Workshops (ICUMT), 2010 International Congress on}, 
title={NURBS interpolator with confined chord error and tangential and centripetal acceleration control}, 
year={2010}, 
pages={489-496}, 
keywords={acceleration control;computerised numerical control;interpolation;manufacturing systems;splines (mathematics);velocity control;CNC systems;NURBS interpolation;NURBS interpolator;centripetal acceleration control;confined chord error;manufacturing systems;speed-controlled interpolator;tangential acceleration control;Acceleration;Computer numerical control;Interpolation;Machining;Spline;Surface reconstruction;Surface topography;CNC;NURBS interpolation;acceleration control;feedrate;look-ahead}, 
doi={10.1109/ICUMT.2010.5676592}, 
ISSN={2157-0221},}

@article{Yeh99,
title = "The speed-controlled interpolator for machining parametric curves ",
journal = "Computer-Aided Design ",
volume = "31",
number = "5",
pages = "349 - 357",
year = "1999",
note = "",
issn = "0010-4485",
doi = "http://dx.doi.org/10.1016/S0010-4485(99)00035-4",
url = "http://www.sciencedirect.com/science/article/pii/S0010448599000354",
author = "S.-S. Yeh and P.-L. Hsu",
keywords = "Parametric curve",
keywords = "\{CNC\} interpolators",
keywords = "Speed accuracy",
keywords = "\{NURBS\} "
}

@ARTICLE{Schutter09, 
author={Verscheure, D. and Demeulenaere, B. and Swevers, J. and De Schutter, J. and Diehl, M.}, 
journal={Automatic Control, IEEE Transactions on}, 
title={Time-Optimal Path Tracking for Robots: A Convex Optimization Approach}, 
year={2009}, 
volume={54}, 
number={10}, 
pages={2318-2327}, 
keywords={mobile robots;nonlinear control systems;numerical analysis;optimal control;optimisation;path planning;tracking;convex optimization approach;convexity-preserving extension;direct transcription method;globally optimal trajectory;nonlinear variable change;robot system;robust numerical algorithm;second-order cone program;time-optimal motion planning;time-optimal path tracking;Actuators;Manipulator dynamics;Motion planning;Optimal control;Orbital robotics;Path planning;Robot kinematics;Robustness;State-space methods;Tracking;Second-order cone program (SOCP)-based solution method}, 
doi={10.1109/TAC.2009.2028959}, 
ISSN={0018-9286},}

